[gd_scene load_steps=11 format=3 uid="uid://dt65agj11116p"]

[ext_resource type="Script" path="res://mods/default/entities/Chest.gd" id="1_adk5u"]
[ext_resource type="Material" uid="uid://06x7misr8vl0" path="res://materials/Chest Base.tres" id="2_7vtdo"]
[ext_resource type="Material" uid="uid://b376ye7mtir12" path="res://materials/Metal.tres" id="3_d503h"]

[sub_resource type="BoxMesh" id="BoxMesh_ps0g0"]
size = Vector3(1, 0.75, 1)

[sub_resource type="BoxMesh" id="BoxMesh_0vtu6"]
size = Vector3(1, 0.25, 1)

[sub_resource type="BoxMesh" id="BoxMesh_yctjf"]
size = Vector3(0.125, 0.25, 0.125)

[sub_resource type="Animation" id="Animation_lcbap"]
resource_name = "Open"
tracks/0/type = "rotation_3d"
tracks/0/imported = false
tracks/0/enabled = true
tracks/0/path = NodePath("Lid Anchor")
tracks/0/interp = 1
tracks/0/loop_wrap = true
tracks/0/keys = PackedFloat64Array(0, 1, 0, 0, 0, 1, 1, 1, -0.707, 0, 0, 0.707)

[sub_resource type="Animation" id="Animation_65ifg"]
length = 0.001
tracks/0/type = "rotation_3d"
tracks/0/imported = false
tracks/0/enabled = true
tracks/0/path = NodePath("Lid Anchor")
tracks/0/interp = 1
tracks/0/loop_wrap = true
tracks/0/keys = PackedFloat64Array(0, 1, 0, 0, 0, 1)

[sub_resource type="AnimationLibrary" id="AnimationLibrary_dryvk"]
_data = {
"Open": SubResource("Animation_lcbap"),
"RESET": SubResource("Animation_65ifg")
}

[sub_resource type="BoxShape3D" id="BoxShape3D_0m2ao"]

[node name="Chest" type="StaticBody3D"]
collision_layer = 3
script = ExtResource("1_adk5u")

[node name="MeshInstance3D" type="MeshInstance3D" parent="."]
transform = Transform3D(1, 0, 0, 0, 1, 0, 0, 0, 1, 0, -0.125, 0)
material_override = ExtResource("2_7vtdo")
mesh = SubResource("BoxMesh_ps0g0")

[node name="Lid Anchor" type="Node3D" parent="."]
transform = Transform3D(1, 0, 0, 0, 1, 0, 0, 0, 1, 0, 0.25, -0.5)

[node name="MeshInstance3D2" type="MeshInstance3D" parent="Lid Anchor"]
transform = Transform3D(1, 0, 0, 0, 1, 0, 0, 0, 1, 0, 0.125, 0.5)
material_override = ExtResource("2_7vtdo")
mesh = SubResource("BoxMesh_0vtu6")
skeleton = NodePath("../..")

[node name="MeshInstance3D3" type="MeshInstance3D" parent="Lid Anchor/MeshInstance3D2"]
transform = Transform3D(1, 0, 0, 0, 1, 0, 0, 0, 1, 0, -0.125, 0.562)
material_override = ExtResource("3_d503h")
mesh = SubResource("BoxMesh_yctjf")
skeleton = NodePath("../../..")

[node name="AnimationPlayer" type="AnimationPlayer" parent="."]
libraries = {
"": SubResource("AnimationLibrary_dryvk")
}

[node name="CollisionShape3D" type="CollisionShape3D" parent="."]
shape = SubResource("BoxShape3D_0m2ao")
